@misc{MPIBroadcast,
title={{MPI Broadcast and Collective Communication}},
howpublished={\emph{\url{https://mpitutorial.com/tutorials/mpi-broadcast-and-collective-communication/}}},
}